@misc{azarang2015onelineundergraduateproofzariskis,
      title={A one-line undergraduate proof of Zariski's lemma and Hilbert's nullstellensatz}, 
      author={Alborz Azarang},
      year={2015},
      eprint={1506.08376},
      archivePrefix={arXiv},
      primaryClass={math.AC},
      url={https://arxiv.org/abs/1506.08376}, 
} 